@misc{paper,
	title={Less is More: Recursive Reasoning with Tiny Networks},
	author={Alexia Jolicoeur-Martineau},
	year={2025},
	eprint={2510.04871},
	archivePrefix={arXiv},
	primaryClass={cs.LG},
	url={https://arxiv.org/abs/2510.04871},
	note={\url{https://arxiv.org/abs/2510.04871}},
}